% Encoding: UTF-8

@String{cacm             = {Communications of the ACM}}
@String{cikm             = {Proceedings of the International Conference on Information and Knowledge Engineering}}
@String{computingsurveys = {ACM Computing Surveys}}
@String{iccv             = {Proceedings of the International Conference on Computer Vision}}
@String{jidm             = {Journal of Information and Data Management}}
@String{sbbd             = {Proceedings of the Brazilian Symposium on Databases}}
@String{sigmodrecord     = {SIGMOD Record}}
@String{tkde             = {IEEE Transactions on Knowledge and Data Engineering}}
@String{tods             = {ACM Transactions on Database Systems}}
@String{tse              = {Transactions on Software Engineering}}
@String{vldb             = {Proceedings of the International Conference on Very Large Data Bases}}
@String{vldbj            = {The VLDB Journal}}

@inproceedings{citeulike:7399806,
    author = {Wang, Jun and Kumar, Sanjiv and Chang, Shih-Fu},
    booktitle = cvpr,
    title = {{Semi-Supervised Hashing for Scalable Image Retrieval}},
    year = {2010},
    pages = {3424 -3431},
    address = {San Francisco, USA}
}

@InProceedings{LiuWJJC12,
  author    = {Liu, Wei and Wang, Jun and Ji, Rongrong and Jiang, Yu-Gang and Chang, Shih-Fu},
  title     = {Supervised hashing with kernels.},
  booktitle = {CVPR},
  year      = {2012},
  pages     = {2074-2081},
  publisher = {IEEE Computer Society},
  added-at  = {2016-05-30T00:00:00.000+0200},
  biburl    = {http://www.bibsonomy.org/bibtex/2a481213d8c2b96f63bac067855649fcb/dblp},
  crossref  = {conf/cvpr/2012},
  isbn      = {978-1-4673-1226-4},
  keywords  = {dblp},
  timestamp = {2016-05-31T13:22:08.000+0200},
}

@InProceedings{conf/pods/FaloutsosK94,
  author    = {Faloutsos, Christos and Kamel, Ibrahim},
  title     = {Beyond Uniformity and Independence: Analysis of R-trees Using the Concept of Fractal Dimension.},
  booktitle = {PODS},
  year      = {1994},
  editor    = {Vianu, Victor},
  pages     = {4-13},
  publisher = {ACM Press},
  added-at  = {2015-01-22T00:00:00.000+0100},
  biburl    = {http://www.bibsonomy.org/bibtex/27481a26fb49d2882833a0aa9a77dbd4b/dblp},
  cite      = {books/aw/Zipf49},
  crossref  = {conf/pods/94},
  ee        = {http://doi.acm.org/10.1145/182591.182593},
  interhash = {c0d1e432da405a327a151bdc7b04cef7},
  intrahash = {7481a26fb49d2882833a0aa9a77dbd4b},
  isbn      = {0-89791-642-5},
  keywords  = {dblp},
  timestamp = {2015-06-20T01:20:46.000+0200},
  url       = {http://dblp.uni-trier.de/db/conf/pods/pods94.html#FaloutsosK94},
}

@InProceedings{Indyk:1998:ANN:276698.276876,
  author    = {Indyk, Piotr and Motwani, Rajeev},
  title     = {Approximate nearest neighbors: towards removing the curse of dimensionality},
  booktitle = {Proceedings of the thirtieth annual ACM symposium on Theory of computing},
  year      = {1998},
  pages     = {604--613},
  address   = {New York, NY, USA},
  location  = {Dallas, Texas, United States},
}

@InProceedings{Belussi:1995:ESS:645921.673166,
  author    = {Belussi, Alberto and Faloutsos, Christos},
  title     = {Estimating the Selectivity of Spatial Queries Using the `Correlation' Fractal Dimension},
  booktitle = {Proceedings of the 21th International Conference on Very Large Data Bases},
  year      = {1995},
  series    = {VLDB '95},
  pages     = {299--310},
  address   = {San Francisco, CA, USA},
  publisher = {Morgan Kaufmann Publishers Inc.},
  isbn      = {1-55860-379-4},
  numpages  = {12},
}

@Article{DBLP:journals/jidm/OcsaS10,
  author  = {Alexander Ocsa and Elaine P. M. Sousa},
  title   = {{An Adaptive Multi-level Hashing Structure for Fast Approximate Similarity Search}},
  journal = jidm,
  year    = {2010},
  volume  = {1},
  number  = {3},
  pages   = {359-374},
}

@Article{Guttman1984,
  author    = {Guttman, Antonin},
  title     = {R-trees: a dynamic index structure for spatial searching},
  journal   = sigmodrecord,
  year      = {1984},
  volume    = {14},
  pages     = {47--57},
  publisher = {ACM},
}

@Article{Simonyan,
  author  = {Simonyan, K., Zisserman, A.},
  title   = {Very deep convolutional networks for largescale image recognition. arXiv preprint arXiv},
  year    = {2014},
  pages   = {1409.1556},
}

@Article{citeulike:fractal:encoders,
  title   = {Chapter 7 {F}ractal dimension},
  journal = {Mathematics in Science and Engineering},
  year    = {2007},
  volume  = {209},
  pages   = {167 - 218},
  issn    = {0076-5392},
  note    = {{L}-System Fractals},
}

@Book{PattClassi,
  title     = {Pattern classification},
  publisher = {J. Wiley \& Sons},
  year      = {2001},
  author    = {Duda, Richard O. and Hart, Peter E. and Stork, David G.},
  address   = {New York, Chichester, Weinheim},
  isbn      = {0-471-05669-3},
  note      = {La page de titre porte en plus A Wiley-Interscience publication},
  url       = {http://opac.inria.fr/record=b1096534},
}

@Article{Ravichandran,
  author  = {Ravichandran, D., Pantel, P., and Hovy, E.},
  title   = {Randomized Algorithms and NLP: Using Locality Sensitive Hash Function for High Speed Noun Clustering},
  journal = {Proceedings of the 43rd Annual Meeting on Association for Computational Linguistics, ACL'05},
  year    = {2005},
  pages   = {622–629},
}

@Book{smola2008ml,
  title     = {Introduction to Machine Learning},
  publisher = {Cambridge University Press},
  year      = {2008},
  author    = {Smola, Alexander Johannes and Vishwanathan, S.V.N.},
  keywords  = {book.ml,ebook},
  url       = {http://alex.smola.org/drafts/thebook.pdf,/bib/smola/smola2008ml/thebook.pdf},
}

@book{TheMLBook,
 author = {Alpaydin, Ethem},
 title = {Introduction to Machine Learning},
 year = {2014},
 isbn = {0262028182, 9780262028189},
 publisher = {The MIT Press},
} 

@Article{He,
  author  = {He, K., Zhang, X., Ren, S., Sun, J.},
  title   = {: Spatial pyramid pooling in deep convolutional networks for visual recognition},
  journal = {Proceedings of European Conference on Computer Vision},
  year    = {2014},
  pages   = {346-–361},
}

@Article{cit:indexDriven,
  author  = {Hjaltason, Gisli R. and Samet, Hanan},
  title   = {{Index-driven similarity search in metric spaces}},
  journal = tods,
  year    = {2003},
  volume  = {28},
  number  = {4},
  pages   = {517--580},
}

@Article{Boureau,
  author  = {Boureau, Y.L., Ponce, J., LeCun, Y.},
  title   = {A theoretical analysis of feature pooling in visual recognition},
  journal = {Proceedings of the 27th International Conference on Machine Learning},
  year    = {2010},
  pages   = {111-–118},
}

@Article{Szegedy,
  author  = {Szegedy, C., Liu, W., Jia, Y., Sermanet, P., Reed, S., Anguelov, D., Erhan,D., Vanhoucke, V., Rabinovich, A.},
  title   = {Going deeper with convolutions},
  journal = {Proceedings of the IEEE Conference on Computer Vision and Pattern Recognition},
  year    = {2015},
  pages   = {1–-9},
}

@Book{dlBook,
  title     = {Fundamentals of Deep Learning},
  publisher = {O'Reilly Media, Inc.},
  year      = {2016},
  author    = {Nikhil Buduma},
}

@Article{aleman_high_dimensional,
  author  = {Christian B\"{o}hm and Stefan Berchtold and Daniel A. Keim},
  title   = {{Searching in high-dimensional spaces: Index structures for improving the performance of multimedia databases}},
  journal = computingsurveys,
  year    = {2001},
  volume  = {33},
  number  = {3},
  pages   = {322--373},
}

@Article{Sun,
  author  = {Sun, S., Zhou, W., Li, H., Tian, Q.},
  title   = {Search by detection: Object-level feature for image retrieval},
  journal = {: Proceedings of International Conference on Internet Multimedia Computing and Service},
  year    = {2014},
  pages   = {46},
}

@InBook{stochastic-gradient-tricks,
  pages     = {430–445},
  title     = {Stochastic Gradient Tricks},
  publisher = {Springer},
  year      = {2012},
  author    = {Léon Bottou},
  volume    = {7700},
  month     = {January},
  booktitle = {Neural Networks, Tricks of the Trade, Reloaded},
  url       = {https://www.microsoft.com/en-us/research/publication/stochastic-gradient-tricks/},
}

@Article{Li:2015:RSS:2881665.2882186,
  author     = {Li, Zechao and Liu, Jing and Tang, Jinhui and Lu, Hanqing},
  title      = {Robust Structured Subspace Learning for Data Representation},
  journal    = {IEEE Trans. Pattern Anal. Mach. Intell.},
  year       = {2015},
  volume     = {37},
  number     = {10},
  pages      = {2085--2098},
  month      = oct,
  issn       = {0162-8828},
  address    = {Washington, DC, USA},
  issue_date = {October 2015},
  numpages   = {14},
  publisher  = {IEEE Computer Society},
}

@Article{wekwek,
  author  = {Elena E., Krishna K. and Matteo Matteucci},
  title   = {WEKWEK: A Study in Fractal Dimension and Dimensionality Reduction},
  journal = {ACM},
  year    = {2001},
}

@Article{kdt,
  author  = {Jon Louis Bentley},
  title   = {{Multidimensional Binary Search Trees in Database Applications.}},
  journal = tse,
  year    = {1979},
  volume  = {5},
  number  = {4},
  pages   = {333-340},
}

@Article{Deng,
  author  = {Deng, J., Dong, W., Socher, R., Li, L.J., Li, K., Fei-Fei, L.},
  title   = {ImageNet: A large-scale hierarchical image database},
  journal = {Proceedings of the IEEE Conference on Computer Vision and Pattern Recognition},
  year    = {2009},
  pages   = {248–255},
}
 
@Misc{website:UFLDL,
  author = {Andrew Y. Ng and Adam Coates and Quoc Le and Honglak Lee and Andrew Maas},
  title  = {UFLDL Tutorial - Deep Learning},
  month  = {10},
  year   = {2016},
  url    = {http://ufldl.stanford.edu/},
}

@Article{journals/jidm/TrainaTF10,
  author    = {Jr., Caetano Traina and Traina, Agma J. M. and Faloutsos, Christos},
  title     = {Fast Feature Selection using Fractal Dimension - Ten Years Later.},
  journal   = {JIDM},
  year      = {2010},
  volume    = {1},
  number    = {1},
  pages     = {17-20},
  added-at  = {2010-07-21T15:53:32.000+0200},
  biburl    = {https://www.bibsonomy.org/bibtex/25faef4cf1314907e9a6e63095b492dd2/dblp},
  date      = {2010-06-02},
  ee        = {http://seer.lcc.ufmg.br/index.php/jidm/article/view/29},
  interhash = {48ca3a3e6d8aa1686956bece5d049c0f},
  intrahash = {5faef4cf1314907e9a6e63095b492dd2},
  keywords  = {dblp},
  timestamp = {2010-07-21T15:53:33.000+0200},
  url       = {http://dblp.uni-trier.de/db/journals/jidm/jidm1.html#TrainaTF10},
}

@Article{cit:avez99searching,
  author  = {Edgar Ch\'{a}vez and Gonzalo Navarro and Ricardo Baeza-Yates and Jos\'{e} Luis Marroqu\'{\i}n},
  title   = {{Searching in metric spaces}},
  journal = computingsurveys,
  year    = {2001},
  volume  = {33},
  number  = {3},
  pages   = {273--321},
}

@Article{DBLP:journals/corr/SablayrollesDJU16,
  author  = {Alexandre Sablayrolles and Matthijs Douze and Herv{\'{e}} J{\'{e}}gou and Nicolas Usunier},
  title   = {How should we evaluate supervised hashing?},
  journal = {CoRR},
  year    = {2016},
}

@Article{Babenko,
  author  = {Babenko, A., Slesarev, A., Chigorin, A., Lempitsky, V.},
  title   = {Neural codes for image retrieval},
  journal = {Proceedings of European Conference on Computer Vision},
  year    = {2014},
  pages   = {584--599},
}

@Article{Toshev,
  author  = {Toshev, A., Szegedy, C.},
  title   = {Deeppose: Human pose estimation via deep neural networks},
  journal = {Proceedings of the IEEE Conference on Computer Vision and Pattern Recognition},
  year    = {2014},
  pages   = {1653--1660},
}

@Article{DBLP:fractal2016,
  author  = {Christian Cesar Bones and Luciana A. S. Romani and Elaine P. M. de Sousa},
  title   = {Clustering Multivariate Data Streams by Correlating Attributes using Fractal Dimension},
  journal = {{JIDM}},
  year    = {2016},
  volume  = {7},
  number  = {3},
  pages   = {249--264},
}

@InProceedings{Bettaiah14,
  author    = {Bettaiah, Vineetha and Ranganath, Heggere S.},
  title     = {An Analysis of Time Series Representation Methods: Data Mining Applications Perspective},
  booktitle = {Proceedings of the 2014 ACM Southeast Regional Conference},
  year      = {2014},
  series    = {ACM SE '14},
  pages     = {16:1--16:6},
  address   = {New York, NY, USA},
  publisher = {ACM},
  acmid     = {2638475},
  articleno = {16},
  doi       = {10.1145/2638404.2638475},
  isbn      = {978-1-4503-2923-1},
  keywords  = {data mining, time series analysis, time series data, time series representation characteristics},
  location  = {Kennesaw, Georgia},
  numpages  = {6},
  url       = {http://doi.acm.org/10.1145/2638404.2638475},
}

@Article{SATree,
  author  = {Gonzalo Navarro},
  title   = {{Searching in metric spaces by spatial approximation}},
  journal = vldbj,
  year    = {2002},
  volume  = {11},
  number  = {1},
  pages   = {28--46},
}


@Book{aggarwal2015data,
 author = {Aggarwal, Charu C.},
 title = {Data Mining: The Textbook},
 year = {2015},
 isbn = {3319141414, 9783319141411},
 publisher = {Springer Publishing Company, Incorporated},
}

@Article{BabenkoA,
  author  = {Babenko, A., Lempitsky, V.},
  title   = {Aggregating local deep features for image retrieval},
  journal = {Proceedings of the IEEE International Conference on Computer Vision},
  year    = {2015},
  pages   = {1269--1277},
}

@Article{Gower82,
  author               = {Gower, John C.},
  title                = {{Euclidean distance geometry}},
  journal              = {The Mathematical Scientist},
  year                 = {1982},
  volume               = {7},
  pages                = {1--14},
  citeulike-article-id = {6653612},
  citeulike-linkout-0  = {http://www.convexoptimization.com/TOOLS/Gower2.pdf},
  keywords             = {1982, distances, euclidean\_structure, geometry, tesis},
  posted-at            = {2010-02-11 12:07:06},
  url                  = {http://www.convexoptimization.com/TOOLS/Gower2.pdf},
}

@InProceedings{dftree,
  author    = {Traina,Jr., Caetano and Traina, Agma and Filho, Roberto Santos and Faloutsos, Christos},
  title     = {{How to improve the pruning ability of dynamic metric access methods}},
  booktitle = cikm,
  year      = {2002},
  pages     = {219--226},
  address   = {New York, NY, USA},
}

@Article{Hariharan,
  author  = {Hariharan, B., Arbeláez, P., Girshick, R., Malik, J.},
  title   = {Simultaneous detection and segmentation},
  journal = {Proceedings of European Conference on Computer Vision},
  year    = {2014},
  pages   = {297-–312},
}

@InProceedings{modelinglsh,
  author    = {Dong, Wei and Wang, Zhe and Josephson, William and Charikar, Moses and Li, Kai},
  title     = {Modeling {L}{S}{H} for performance tuning},
  booktitle = cikm,
  year      = {2008},
  pages     = {669--678},
  address   = {Napa Valley, California, USA},
}

@Article{GirshickR,
  author  = {Girshick, R.},
  title   = {Fast R-CNN},
  journal = {Proceedings of the IEEE International Conference on Computer Vision},
  year    = {2015},
  pages   = {1440–-1448},
}

@Article{Scherer,
  author  = {Scherer, D., Müller, A., Behnke, S.},
  title   = {Evaluation of pooling operations in convolutional architectures for object recognition},
  journal = {International Conference on Artificial Neural Networks},
  year    = {2010},
  pages   = {92–-101},
}

@Article{Lin,
  author  = {Lin, M., Chen, Q., Yan, S.},
  title   = {Network in network. arXiv preprint arXiv},
  year    = {2013},
  pages   = {1312.4400},
}

@Article{cit:tspanners02,
  author  = {Navarro, Gonzalo and Paredes, Rodrigo and Ch\'{a}vez, Edgar},
  title   = {{t-Spanners for metric space searching}},
  journal = {Data and Knowledge Engineering},
  year    = {2007},
  volume  = {63},
  pages   = {820--854},
  issue   = {3},
}

@Article{Liu,
  author  = {Liu, Y., Guo, Y., Wu, S., Lew, M.S.},
  title   = {Deepindex for accurate and efficient image retrieval},
  journal = {: Proceedings of the 5th ACM on International Conference on Multimedia Retrieval},
  year    = {2015},
  pages   = {43–-50},
}

@InProceedings{WhatsWrong,
  author    = {Stephen Blott and Roger Weber},
  title     = {What's Wrong with High-Dimensional Similarity Search},
  booktitle = vldb,
  year      = {2008},
  pages     = {3--3},
  address   = {Aukland, New Zealand},
}

@Article{Ren,
  author  = {Ren, S., He, K., Girshick, R., Sun, J.},
  title   = {Faster R-CNN: Towards real-time object detection with region proposal networks},
  journal = {Advances in Neural Information Processing Systems},
  year    = {2015},
  pages   = {91–-99},
}

@InProceedings{lsh_hamming,
  author    = {Aristides Gionis and Piotr Indyk and Rajeev Motwani},
  title     = {{Similarity Search in High Dimensions via Hashing}},
  booktitle = vldb,
  year      = {1999},
  pages     = {518--529},
  address   = {San Francisco, CA, USA},
}

@InProceedings{multiprobe,
  author    = {Lv, Qin and Josephson, William and Wang, Zhe and Charikar, Moses and Li, Kai},
  title     = {{Multi-probe LSH: efficient indexing for high-dimensional similarity search}},
  booktitle = vldb,
  year      = {2007},
  pages     = {950--961},
  address   = {Vienna, Austria},
}

@Article{Tompson,
  author  = {Tompson, J.J., Jain, A., LeCun, Y., Bregler, C.},
  title   = {Joint training of a convolutional network and a graphical model for human pose estimation},
  journal = {Advances in Neural Information Processing Systems},
  year    = {2014},
  pages   = {1799--1807},
}

@Article{Girshick,
  author  = {Girshick, R., Donahue, J., Darrell, T., Malik, J.},
  title   = {Rich feature hierarchies for accurate object detection and semantic segmentation},
  journal = {Proceedings of the IEEE Conference on Computer Vision and Pattern Recognition},
  year    = {2014},
  pages   = {580-–587},
}

@Misc{Le15atutorial,
  author = {Quoc V. Le and Google Brain and Google Inc},
  title  = {A Tutorial on Deep Learning Part 2: Autoencoders, Convolutional Neural Networks and Recurrent Neural Networks},
  year   = {2015},
}

@Article{Sharif,
  author  = {Sharif Razavian, A., Azizpour, H., Sullivan, J., Carlsson, S.},
  title   = {Cnn features off-the-shelf: an astounding baseline for recognition},
  journal = {: Proceedings of the IEEE Conference on Computer Vision and Pattern Recognition Workshops},
  year    = {2014},
  pages   = {806--813},
}

@InProceedings{Traina:2001:TST:502512.502538,
  author    = {Traina, Agma and Traina, Caetano and Papadimitriou, Spiros and Faloutsos, Christos},
  title     = {Tri-plots: Scalable Tools for Multidimensional Data Mining},
  booktitle = {Proceedings of the Seventh ACM SIGKDD International Conference on Knowledge Discovery and Data Mining},
  year      = {2001},
  series    = {KDD '01},
  pages     = {184--193},
  address   = {New York, NY, USA},
  publisher = {ACM},
  acmid     = {502538},
  doi       = {10.1145/502512.502538},
  isbn      = {1-58113-391-X},
  location  = {San Francisco, California},
  numpages  = {10},
  url       = {http://doi.acm.org/10.1145/502512.502538},
}

@Book{Zeiler,
  title     = {Hierarchical convolutional deep learning in computer vision},
  publisher = {PhD thesis},
  year      = {2013},
  author    = {Zeiler, M.D.},
  address   = {NEW YORK UNIVERSITY},
}

@Book{sutherland1975introduction,
  title     = {Introduction to Metric and Topological Spaces},
  publisher = {Clarendon Press},
  year      = {1975},
  author    = {Sutherland, W.A.},
  series    = {Open university set book},
  isbn      = {9780198531616},
  lccn      = {75328114},
  url       = {https://books.google.com.pe/books?id=xbL11KfgiEAC},
}

@Article{rstartree,
  author  = {Norbert Beckmann and Hans-Peter Kriegel and Ralf Schneider and Bernhard Seeger},
  title   = {{The R*-tree: an efficient and robust access method for points and rectangles}},
  journal = sigmodrecord,
  year    = {1990},
  volume  = {19},
  number  = {2},
  pages   = {322--331},
}

@Article{Faloutsos:2000:SJS:335191.335412,
  author     = {Faloutsos, Christos and Seeger, Bernhard and Traina, Agma and Traina,Jr., Caetano},
  title      = {Spatial Join Selectivity Using Power Laws},
  journal    = {SIGMOD Rec.},
  year       = {2000},
  volume     = {29},
  number     = {2},
  pages      = {177--188},
  month      = may,
  issn       = {0163-5808},
  address    = {New York, NY, USA},
  issue_date = {June 2000},
  numpages   = {12},
  publisher  = {ACM},
}

@InProceedings{Arantes_thefractal,
  author    = {Adriano S. Arantes and Marcos R. Vieira and Agma J. M. Traina and Caetano Traina},
  title     = {The Fractal Dimension Making Similarity Queries More Efficient},
  booktitle = {Proceedings of the II ACM SIGKDD Workshop on Fractals, Power Laws and Other Next Generation Data Mining Tools},
  year      = {2003},
  publisher = {ACM},
}

@Article{Oquab,
  author  = {Oquab, M., Bottou, L., Laptev, I., Sivic, J.},
  title   = {Is object localization for free?-weakly-supervised learning with convolutional neural networks},
  journal = {Proceedings of the IEEE Conference on Computer Vision and Pattern Recognition},
  year    = {2015},
  pages   = {685–-694},
}

@InProceedings{hrg,
  author    = {Alexander Ocsa and Carlos Bedregal and Ernesto Cuadros-Vargas},
  title     = {{A new approach for similarity queries using neighborhood graphs}},
  booktitle = sbbd,
  year      = {2007},
  pages     = {131-142},
  address   = {Jo{\~a}o Pessoa, Para\'{\i}ba, Brasil},
}

@Article{Li,
  author  = {Li-Qian Y and Lin-Zhang W and Bin L and Jian-Hua Z and Xuan-Dong Z},
  title   = {Combined Static and Dynamic Immutability Analysis of Java Program},
  journal = {hinese Journal of Computers. Vol. 33},
  year    = {2010},
  pages   = {736-746},
}

@Article{svhn,
  author    = {Netzer, Yuval and Wang, Tao and Coates, Adam and Bissacco, Alessandro and Wu, Bo and Y Ng, Andrew},
  title     = {Reading Digits in Natural Images with Unsupervised Feature Learning},
  year      = {2011},
  month     = {01},
  booktitle = {NIPS},
}

@InProceedings{DBLP:journals/corr/abs-0906-0391,
  author    = {Volnyansky, Ilya and Pestov, Vladimir},
  title     = {{Curse of Dimensionality in Pivot Based Indexes}},
  booktitle = {Proceedings of the International Workshop on Similarity Search and Applications},
  year      = {2009},
  address   = {Washington, DC, USA},
  numpages  = {8},
}

@Article{hashing_algoritghms_survey,
  author  = {Alexandr Andoni and Piotr Indyk},
  title   = {{Near-optimal hashing algorithms for approximate nearest neighbor in high dimensions}},
  journal = cacm,
  year    = {2008},
  volume  = {51},
  number  = {1},
  pages   = {117--122},
}

@InCollection{Fayyad:1996:DMK:257938.257942,
  author    = {Fayyad, Usama M. and Piatetsky-Shapiro, Gregory and Smyth, Padhraic},
  title     = {From data mining to knowledge discovery: an overview},
  booktitle = {Advances in knowledge discovery and data mining},
  publisher = {American Association for Artificial Intelligence},
  year      = {1996},
  pages     = {1--34},
}

@Article{Long,
  author  = {Long, J., Shelhamer, E., Darrell, T.},
  title   = {Fully convolutional networks for semantic segmentation},
  journal = {Proceedings of the IEEE Conference on Computer Vision and Pattern Recognition},
  year    = {2015},
  pages   = {3431--3440},
}

@InProceedings{conf/cvpr/ShenSLS15,
  author    = {Shen, Fumin and Shen, Chunhua and Liu, Wei and Shen, Heng Tao},
  title     = {Supervised Discrete Hashing.},
  booktitle = {CVPR},
  year      = {2015},
  pages     = {37-45},
  publisher = {IEEE Computer Society},
  isbn      = {978-1-4673-6964-0},
  keywords  = {dblp},
  timestamp = {2016-04-29T11:54:14.000+0200},
}

@InProceedings{kLin:DH,
  author    = {Kelvin Lin, H.-F. Yang, J.-H. Hsiao, C.-S. Chen},
  title     = {Deep Learning of Binary Hash Codes for Fast Image Retrieval},
  booktitle = {CVPR Workshop (CVPRW) on Deep Learning in Computer Vision},
  year      = {2015},
  series    = {CVPRW'15},
  publisher = {IEEE},
}

@Article{LeCun,
  author  = {LeCun, Y., Bottou, L., Bengio, Y., Haffner, P.},
  title   = {Gradient-based learning applied to document recognition},
  journal = {Proceedings of the IEEE},
  year    = {1998},
  number  = {86},
  pages   = {2278–-2324},
}

@article{traina1999distance,
 author = {Agma J.M. Traina, and Caetano Traina Jr., and Christos Faloutsos, },
title = {Distance Exponent: A New Concept for Selectivity Estimation in Metric Trees},
journal = {2013 IEEE 29th International Conference on Data Engineering (ICDE)},
volume = {00},
number = {},
issn = {1063-6382},
year = {2000},
pages = {195},
doi = {doi.ieeecomputersociety.org/10.1109/ICDE.2000.839409},
publisher = {IEEE Computer Society},
address = {Los Alamitos, CA, USA},

}

@InProceedings{lshhashfile,
author={Dongxiang Zhang and Agrawal, D. and Gang Chen and Tung, A.K.H.},
title={{HashFile: An efficient index structure for multimedia data}},
booktitle= icde,
year={2011},
pages={1103 -1114},
address={Hannover, Germany}
}


@InProceedings{lsh,
  author    = {Datar, Mayur and Immorlica, Nicole and Indyk, Piotr and Mirrokni, Vahab S.},
  title     = {Locality-sensitive hashing scheme based on p-stable distributions},
  booktitle = {Proceedings of the Twentieth annual Symposium on Computational Geometry},
  year      = {2004},
  pages     = {253--262},
  address   = {Brooklyn, New York, USA},
}

@Article{taoLSBLSH,
  author  = {Tao, Yufei and Yi, Ke and Sheng, Cheng and Kalnis, Panos},
  title   = {{Efficient and accurate nearest neighbor and closest pair search in high-dimensional space}},
  journal = tods,
  year    = {2010},
  volume  = {35},
  number  = {3},
  pages   = {1--46},
}

@Article{Faloutsos94,
  author     = {Faloutsos, Christos and Ranganathan, M. and Manolopoulos, Yannis},
  title      = {Fast Subsequence Matching in Time-series Databases},
  journal    = {SIGMOD Rec.},
  year       = {1994},
  volume     = {23},
  number     = {2},
  pages      = {419--429},
  month      = may,
  issn       = {0163-5808},
  acmid      = {191925},
  address    = {New York, NY, USA},
  doi        = {10.1145/191843.191925},
  issue_date = {June 1994},
  numpages   = {11},
  publisher  = {ACM},
  url        = {http://doi.acm.org/10.1145/191843.191925},
}

@Article{Sermanet,
  author = {Sermanet, P., Eigen, D., Zhang, X., Mathieu, M., Fergus, R., LeCun, Y.},
  title  = {Overfeat: Integrated recognition, localization and detection using convolutional networks. arXiv preprint arXiv},
  year   = {2013},
  pages  = {1312.6229},
}

@Article{Wan,
  author  = {Wan, J., Wang, D., Hoi, S.C.H., Wu, P., Zhu, J., Zhang, Y., Li, J.},
  title   = {Deep learning for content-based image retrieval: A comprehensive study},
  journal = {: Proceedings of the 22nd ACM International Conference on Multimedia,ACM},
  year    = {2014},
  pages   = {157--166},
}

@Article{LiuZ,
  author  = {Liu, Z., Li, X., Luo, P., Loy, C.C., Tang, X.},
  title   = {Semantic image segmentation via deep parsing network},
  journal = {Proceedings of the IEEE International Conference on Computer Vision},
  year    = {2015},
  pages   = {1377--1385},
}

@InProceedings{xtree,
  author    = {Stefan Berchtold and Daniel A. Keim and Hans-Peter Kriegel},
  title     = {{The X-tree: An Index Structure for High-Dimensional Data}},
  booktitle = vldb,
  year      = {1996},
  pages     = {28--39},
  address   = {San Francisco, CA, USA},
}

@Book{Tan:2005:IDM:1095618,
  title     = {{Introduction to Data Mining, (First Edition)}},
  publisher = {Addison-Wesley Longman Publishing Co., Inc.},
  year      = {2005},
  author    = {Tan, Pang-Ning and Steinbach, Michael and Kumar, Vipin},
  address   = {Boston, MA, USA},
  isbn      = {0321321367},
}

@Article{ChenX,
  author  = {Chen, X., Yuille, A.L.},
  title   = {Articulated pose estimation by a graphical model with image dependent pairwise relations},
  journal = {Advances in Neural Information Processing Systems},
  year    = {2014},
  pages   = {1736--1744},
}

@InBook{Barbara2004,
  pages     = {86--95},
  title     = {Self-Similar Mining of Time Association Rules},
  publisher = {Springer Berlin Heidelberg},
  year      = {2004},
  author    = {Barbar{\'a}, Daniel and Chen, Ping and Nazeri, Zohreh},
  editor    = {Dai, Honghua and Srikant, Ramakrishnan and Zhang, Chengqi},
  address   = {Berlin, Heidelberg},
  isbn      = {978-3-540-24775-3},
  booktitle = {Advances in Knowledge Discovery and Data Mining: 8th Pacific-Asia Conference, PAKDD 2004, Sydney, Australia, May 26-28, 2004. Proceedings},
  doi       = {10.1007/978-3-540-24775-3_11},
  url       = {http://dx.doi.org/10.1007/978-3-540-24775-3_11},
}
 

@Article{Barbara2003,
  author  = {Barbar{\'a}, Daniel and Chen, Ping},
  title   = {Using Self-Similarity to Cluster Large Data Sets},
  journal = {Data Mining and Knowledge Discovery},
  year    = {2003},
  volume  = {7},
  number  = {2},
  pages   = {123--152},
  issn    = {1573-756X},
  doi     = {10.1023/A:1022493416690},
  url     = {http://dx.doi.org/10.1023/A:1022493416690},
}

@InBook{cit:clarkson_nn_survey,
  chapter   = {{Nearest-Neighbor Searching and Metric Space Dimensions}},
  pages     = {15--59},
  title     = {{Nearest-Neighbor Methods for Learning and Vision: Theory and Practice}},
  publisher = {MIT Press},
  year      = {2006},
  author    = {Kenneth L. Clarkson},
}

@InBook{citeulike:Bellman,
  chapter   = {(A RAND Corporation Research Study)},
  pages     = {255-260},
  title     = {Adaptive control processes - A guided tour},
  publisher = {Princeton University Press},
  year      = {1961},
  author    = {Bellman, Richard E.},
  volume    = {1961},
}

@Article{cifar10,
  author   = {Alex Krizhevsky and Vinod Nair and Geoffrey Hinton},
  title    = {CIFAR-10 (Canadian Institute for Advanced Research)},
  abstract = {The CIFAR-10 dataset consists of 60000 32x32 colour images in 10 classes, with 6000 images per class. There are 50000 training images and 10000 test images. 

The dataset is divided into five training batches and one test batch, each with 10000 images. The test batch contains exactly 1000 randomly-selected images from each class. The training batches contain the remaining images in random order, but some training batches may contain more images from one class than another. Between them, the training batches contain exactly 5000 images from each class. },
  keywords = {Dataset},
  url      = {http://www.cs.toronto.edu/~kriz/cifar.html},
}

@InProceedings{DelCorso:2005:RSN:1060745.1060764,
  author    = {Del Corso, Gianna M. and Gull\'{\i}, Antonio and Romani, Francesco},
  title     = {Ranking a Stream of News},
  booktitle = {Proceedings of the 14th International Conference on World Wide Web},
  year      = {2005},
  series    = {WWW '05},
  pages     = {97--106},
  address   = {New York, NY, USA},
  publisher = {ACM},
  acmid     = {1060764},
  doi       = {10.1145/1060745.1060764},
  isbn      = {1-59593-046-9},
  keywords  = {information extraction, news engines, news ranking},
  location  = {Chiba, Japan},
  numpages  = {10},
  url       = {http://doi.acm.org/10.1145/1060745.1060764},
}

@Article{LinG,
  author = {Lin, G., Shen, C., Reid, I., et al.},
  title  = {Efficient piecewise training of deep structured models for semantic segmentation. arXiv preprint arXiv},
  year   = {2015},
  pages  = {1504.01013},
}

@Book{Schroeder:1991,
  title     = {Fractals, Chaos, Power Laws: minutes from an infinite paradise},
  publisher = {W. H. Freeman and Company},
  year      = {1991},
  author    = {Manfred Robert Schroeder},
}

@Article{lshtutorial,
  author  = {M. Slaney and M. Casey},
  title   = {{Locality-Sensitive Hashing for Finding Nearest Neighbors}},
  journal = {IEEE Signal Processing Magazine},
  year    = {2008},
  volume  = {25},
  number  = {1},
  pages   = {128-131},
}

@Book{di2016fractal,
  title     = {The Fractal Geometry of the Brain},
  publisher = {Springer New York},
  year      = {2016},
  author    = {Di Ieva, A.},
  series    = {Springer Series in Computational Neuroscience},
  isbn      = {9781493939954},
  url       = {https://books.google.com.pe/books?id=-w7KDAAAQBAJ},
}

@Book{han2011data,
  title     = {Data mining: concepts and techniques},
  publisher = {Elsevier},
  year      = {2011},
  author    = {Han, Jiawei and Pei, Jian and Kamber, Micheline},
}

@Article{ChenLC,
  author = {Chen, L.C., Papandreou, G., Kokkinos, I., Murphy, K., Yuille, A.L.},
  title  = {Semantic image segmentation with deep convolutional nets and fully connected crfs. arXiv preprint arXiv},
  year   = {2014},
  pages  = {1412.7062},
}

@Article{RazavianAS,
  author  = {Razavian, A.S., Sullivan, J., Maki, A., Carlsson, S.},
  title   = {A baseline for visual instance retrieval with deep convolutional networks. arXiv preprint arXiv},
  journal = {Proceedings of European Conference on Computer Vision},
  year    = {2014},
  pages   = {1412.6574},
}

@Article{Gong,
  author  = {Gong, Y., Wang, L., Guo, R., Lazebnik, S.},
  title   = {Multi-scale orderless pooling of deep convolutional activation features},
  journal = {Proceedings of European Conference on Computer Vision},
  year    = {2014},
  pages   = {392–-407},
}

@InProceedings{DBMTree,
  author    = {Marcos R. Vieira and C. Traina Jr. and Fabio Jun Takada Chino and Agma J. M. Traina},
  title     = {{DBM-Tree: A Dynamic Metric Access Method Sensitive to Local Density Data}},
  booktitle = sbbd,
  year      = {2004},
  pages     = {163-177},
  address   = {Bras\'{\i}lia, Brasil},
}

@Article{Zhu,
  author  = {Zhu, Y., Urtasun, R., Salakhutdinov, R., Fidler, S.},
  title   = {segdeepm: Exploiting segmentation and context in deep neural networks for object detection.},
  journal = {Proceedings of the IEEE Conference on Computer Vision and Pattern Recognition},
  year    = {2015},
  pages   = {4703-–4711},
}

@Article{Manning,
  author  = {Manning, C. D., Raghavan, P., and Schutze, H.},
  title   = {Introduction to Information Retrieval.},
  journal = {Cambridge University Press, New York, NY, USA},
  year    = {2008},
}

@Article{Zhang,
  author  = {Zhang, Y., Sohn, K., Villegas, R., Pan, G., Lee, H.},
  title   = {Improving object detection with deep convolutional networks via bayesian optimization and structured prediction},
  journal = {Proceedings of the IEEE Conference on Computer Vision and Pattern Recognition},
  year    = {2015},
  pages   = {249–-258},
}

@Article{SlimTree,
  author  = {Traina C., Jr. and Agma Traina and Christos Faloutsos and Bernhard Seeger},
  title   = {{Fast Indexing and Visualization of Metric Data Sets using Slim-Trees}},
  journal = tkde,
  year    = {2002},
  volume  = {14},
  number  = {2},
  pages   = {244--260},
}
 

@InProceedings{MTree,
  author    = {Paolo Ciaccia and Marco Patella and Pavel Zezula},
  title     = {{M-tree: An Efficient Access Method for Similarity Search in Metric Spaces}},
  booktitle = vldb,
  year      = {1997},
  pages     = {426--435},
  address   = {San Francisco, CA, USA},
}

@Article{Uijlings,
  author  = {Uijlings, J.R., van de Sande, K.E., Gevers, T., Smeulders, A.W.},
  title   = {Selective search for object recognition},
  journal = {International Journal of Computer Vision},
  year    = {2013},
  volume  = {104},
  pages   = {154–-171},
}

@Article{Fan,
  author  = {Fan, X., Zheng, K., Lin, Y., Wang, S.},
  title   = {Combining local appearance and holistic view: Dual-source deep neural networks for human pose estimation},
  journal = {Proceedings of the IEEE Conference on Computer Vision and Pattern Recognition},
  year    = {2015},
  pages   = {1347--1355},
}

@InProceedings{lshforest,
  author    = {Bawa, Mayank and Condie, Tyson and Ganesan, Prasanna},
  title     = {{L}{S}{H} forest: self-tuning indexes for similarity search},
  booktitle = {Proceedings of the 14th international conference on World Wide Web},
  year      = {2005},
  pages     = {651--660},
  address   = {Chiba, Japan},
}

@Article{lecun-mnisthandwrittendigit-2010,
  author       = {LeCun, Yann and Cortes, Corinna},
  title        = {{MNIST} handwritten digit database},
  year         = {2010},
  added-at     = {2010-06-28T21:16:30.000+0200},
  biburl       = {https://www.bibsonomy.org/bibtex/2935bad99fa1f65e03c25b315aa3c1032/mhwombat},
  groups       = {public},
  howpublished = {http://yann.lecun.com/exdb/mnist/},
  interhash    = {21b9d0558bd66279df9452562df6e6f3},
  intrahash    = {935bad99fa1f65e03c25b315aa3c1032},
  keywords     = {MSc _checked character_recognition mnist network neural},
  lastchecked  = {2016-01-14 14:24:11},
  timestamp    = {2016-07-12T19:25:30.000+0200},
  url          = {http://yann.lecun.com/exdb/mnist/},
  username     = {mhwombat},
}

@InCollection{NIPS2013_5207,
  author    = {Szegedy, Christian and Toshev, Alexander and Erhan, Dumitru},
  title     = {Deep Neural Networks for Object Detection},
  booktitle = {Advances in Neural Information Processing Systems 26},
  publisher = {Curran Associates, Inc.},
  year      = {2013},
  editor    = {C. J. C. Burges and L. Bottou and M. Welling and Z. Ghahramani and K. Q. Weinberger},
  pages     = {2553--2561},
}

@InCollection{NIPS2010_0550,
  author    = {Jiquan Ngiam and Zhenghao Chen and Daniel Chia and Pang W. Koh and Quoc V. Le and Andrew Y. Ng},
  title     = {Tiled convolutional neural networks},
  booktitle = {Advances in Neural Information Processing Systems 23},
  year      = {2010},
  editor    = {J. Lafferty and C. Williams and J. Shawe-taylor and R.s. Zemel and A. Culotta},
  pages     = {1279--1287},
  url       = {http://books.nips.cc/papers/files/nips23/NIPS2010_0550.pdf},
}

@InProceedings{5459466,
  author    = {Kulis, B. and Grauman, K.},
  title     = {Kernelized locality-sensitive hashing for scalable image search},
  booktitle = iccv,
  year      = {2009},
  pages     = {2130 -2137},
  address   = {Kyoto, Japan},
}

@Article{DBLP:journals/corr/YosinskiCBL14,
  author    = {Jason Yosinski and Jeff Clune and Yoshua Bengio and Hod Lipson},
  title     = {How transferable are features in deep neural networks?},
  journal   = {CoRR},
  year      = {2014},
  volume    = {abs/1411.1792},
  timestamp = {Mon, 01 Dec 2014 14:32:13 +0100},
}

@InProceedings{rplustree,
  author    = {Sellis, Timos K. and Roussopoulos, Nick and Faloutsos, Christos},
  title     = {{The R+-Tree: A Dynamic Index for Multi-Dimensional Objects}},
  booktitle = vldb,
  year      = {1987},
  pages     = {507--518},
  address   = {San Francisco, CA, USA},
}

@InProceedings{cit:vpt,
  author    = {Peter N. Yianilos},
  title     = {{Data structures and algorithms for nearest neighbor search in general metric spaces}},
  booktitle = {Proceedings - Annual Symposium on Discrete Algorithms},
  year      = {1993},
  pages     = {311--321},
  address   = {Philadelphia, PA, USA},
}

@Article{ZhengS,
  author  = {Zheng, S., Jayasumana, S., Romera-Paredes, B., Vineet, V., Su, Z., Du, D.,Huang, C., Torr, P.H.},
  title   = {Conditional random fields as recurrent neural networks},
  journal = {Proceedings of the IEEE International Conference on Computer Vision},
  year    = {2015},
  pages   = {1529--1537},
}

@InProceedings{Chakrabarti:2002:FLA:584792.584797,
  author    = {Chakrabarti, Deepayan and Faloutsos, Christos},
  title     = {F4: Large-scale Automated Forecasting Using Fractals},
  booktitle = {Proceedings of the Eleventh International Conference on Information and Knowledge Management},
  year      = {2002},
  series    = {CIKM '02},
  pages     = {2--9},
  address   = {New York, NY, USA},
  publisher = {ACM},
  acmid     = {584797},
  doi       = {10.1145/584792.584797},
  isbn      = {1-58113-492-4},
  keywords  = {automated forecasting, fractals, time series},
  location  = {McLean, Virginia, USA},
  numpages  = {8},
  url       = {http://doi.acm.org/10.1145/584792.584797},
}

@Article{wang13,
  author  = {Xiaoyue Wang,Abdullah Mueen, Hui Ding, Goce Trajcevski,Peter Scheuermann and Eamonn Keogh},
  title   = {Experimental comparison of representation methods and distance measures for time series data},
  journal = {Data Min Knowl Disc},
  year    = {2013},
  volume  = {26},
  pages   = {275–309},
}

@InProceedings{ImageNet,
  author    = {Krizhevsky, Alex and Sutskever, Ilya and Hinton, Geoffrey E.},
  title     = {ImageNet Classification with Deep Convolutional Neural Networks},
  booktitle = {Proceedings of the 25th International Conference on Neural Information Processing Systems},
  year      = {2012},
  series    = {NIPS'12},
  pages     = {1097--1105},
  address   = {USA},
  publisher = {Curran Associates Inc.},
  location  = {Lake Tahoe, Nevada},
  numpages  = {9},
}

@book{TheDLBook,
 author = {Goodfellow, Ian and Bengio, Yoshua and Courville, Aaron},
 title = {Deep Learning},
 year = {2016},
 isbn = {0262035618, 9780262035613},
 publisher = {The MIT Press},
} 


@book{TheNNBook,
 author = {Haykin, Simon},
 title = {Neural Networks: A Comprehensive Foundation (3rd Edition)},
 year = {2007},
 isbn = {0131471392},
 publisher = {Prentice-Hall, Inc.},
 address = {Upper Saddle River, NJ, USA},
} 

@inbook{DMFractalsBook,
title = { Next generation of data mining applications },
author = { Zurada, Jozef, 1949- and Kantardzic, Mehmed },
publisher = { Piscataway, NJ : IEEE ; Hoboken, N.J. : Wiley-Interscience },
year = { 2005 },
isbn = { 0471656054 (hbk.) },
chapter = {Using Fractals in Data Mining},
}

@Comment{jabref-meta: databaseType:bibtex;}
