% Encoding: UTF-8

@String{cacm             = {Communications of the ACM}}
@String{cikm             = {Proceedings of the International Conference on Information and Knowledge Engineering}}
@String{computingsurveys = {ACM Computing Surveys}}
@String{iccv             = {Proceedings of the International Conference on Computer Vision}}
@String{jidm             = {Journal of Information and Data Management}}
@String{sbbd             = {Proceedings of the Brazilian Symposium on Databases}}
@String{sigmodrecord     = {SIGMOD Record}}
@String{tkde             = {IEEE Transactions on Knowledge and Data Engineering}}
@String{tods             = {ACM Transactions on Database Systems}}
@String{tse              = {Transactions on Software Engineering}}
@String{vldb             = {Proceedings of the International Conference on Very Large Data Bases}}
@String{vldbj            = {The VLDB Journal}}

@InProceedings{LiuWJJC12,
  author    = {Liu, Wei and Wang, Jun and Ji, Rongrong and Jiang, Yu-Gang and Chang, Shih-Fu},
  title     = {Supervised hashing with kernels.},
  booktitle = {CVPR},
  year      = {2012},
  pages     = {2074-2081},
  publisher = {IEEE Computer Society},
  added-at  = {2016-05-30T00:00:00.000+0200},
  biburl    = {http://www.bibsonomy.org/bibtex/2a481213d8c2b96f63bac067855649fcb/dblp},
  crossref  = {conf/cvpr/2012},
  isbn      = {978-1-4673-1226-4},
  keywords  = {dblp},
  timestamp = {2016-05-31T13:22:08.000+0200},
}

@InProceedings{lsh,
  author    = {Datar, Mayur and Immorlica, Nicole and Indyk, Piotr and Mirrokni, Vahab S.},
  title     = {Locality-sensitive hashing scheme based on p-stable distributions},
  booktitle = {Proceedings of the Twentieth annual Symposium on Computational Geometry},
  year      = {2004},
  pages     = {253--262},
  address   = {Brooklyn, New York, USA},
}

@Article{taoLSBLSH,
  author  = {Tao, Yufei and Yi, Ke and Sheng, Cheng and Kalnis, Panos},
  title   = {{Efficient and accurate nearest neighbor and closest pair search in high-dimensional space}},
  journal = tods,
  year    = {2010},
  volume  = {35},
  number  = {3},
  pages   = {1--46},
}

@Article{Faloutsos94,
  author     = {Faloutsos, Christos and Ranganathan, M. and Manolopoulos, Yannis},
  title      = {Fast Subsequence Matching in Time-series Databases},
  journal    = {SIGMOD Rec.},
  year       = {1994},
  volume     = {23},
  number     = {2},
  pages      = {419--429},
  month      = may,
  issn       = {0163-5808},
  acmid      = {191925},
  address    = {New York, NY, USA},
  doi        = {10.1145/191843.191925},
  issue_date = {June 1994},
  numpages   = {11},
  publisher  = {ACM},
  url        = {http://doi.acm.org/10.1145/191843.191925},
}

@InProceedings{Indyk:1998:ANN:276698.276876,
  author    = {Indyk, Piotr and Motwani, Rajeev},
  title     = {Approximate nearest neighbors: towards removing the curse of dimensionality},
  booktitle = {Proceedings of the thirtieth annual ACM symposium on Theory of computing},
  year      = {1998},
  pages     = {604--613},
  address   = {New York, NY, USA},
  location  = {Dallas, Texas, United States},
}

@InProceedings{xtree,
  author    = {Stefan Berchtold and Daniel A. Keim and Hans-Peter Kriegel},
  title     = {{The X-tree: An Index Structure for High-Dimensional Data}},
  booktitle = vldb,
  year      = {1996},
  pages     = {28--39},
  address   = {San Francisco, CA, USA},
}

@Article{DBLP:journals/jidm/OcsaS10,
  author  = {Alexander Ocsa and Elaine P. M. Sousa},
  title   = {{An Adaptive Multi-level Hashing Structure for Fast Approximate Similarity Search}},
  journal = jidm,
  year    = {2010},
  volume  = {1},
  number  = {3},
  pages   = {359-374},
}

@Article{Guttman1984,
  author    = {Guttman, Antonin},
  title     = {R-trees: a dynamic index structure for spatial searching},
  journal   = sigmodrecord,
  year      = {1984},
  volume    = {14},
  pages     = {47--57},
  publisher = {ACM},
}

@InBook{cit:clarkson_nn_survey,
  chapter   = {{Nearest-Neighbor Searching and Metric Space Dimensions}},
  pages     = {15--59},
  title     = {{Nearest-Neighbor Methods for Learning and Vision: Theory and Practice}},
  publisher = {MIT Press},
  year      = {2006},
  author    = {Kenneth L. Clarkson},
}

@InBook{citeulike:Bellman,
  chapter   = {(A RAND Corporation Research Study)},
  pages     = {255-260},
  title     = {Adaptive control processes - A guided tour},
  publisher = {Princeton University Press},
  year      = {1961},
  author    = {Bellman, Richard E.},
  volume    = {1961},
}

@Article{SATree,
  author  = {Gonzalo Navarro},
  title   = {{Searching in metric spaces by spatial approximation}},
  journal = vldbj,
  year    = {2002},
  volume  = {11},
  number  = {1},
  pages   = {28--46},
}

@Book{aggarwal2015data,
  title     = {Data mining: the textbook},
  publisher = {Springer},
  year      = {2015},
  author    = {Aggarwal, Charu C},
}

@Article{rstartree,
  author  = {Norbert Beckmann and Hans-Peter Kriegel and Ralf Schneider and Bernhard Seeger},
  title   = {{The R*-tree: an efficient and robust access method for points and rectangles}},
  journal = sigmodrecord,
  year    = {1990},
  volume  = {19},
  number  = {2},
  pages   = {322--331},
}

@Article{lshtutorial,
  author  = {M. Slaney and M. Casey},
  title   = {{Locality-Sensitive Hashing for Finding Nearest Neighbors}},
  journal = {IEEE Signal Processing Magazine},
  year    = {2008},
  volume  = {25},
  number  = {1},
  pages   = {128-131},
}

@Article{Ravichandran,
  author  = {Ravichandran, D., Pantel, P., and Hovy, E.},
  title   = {Randomized Algorithms and NLP: Using Locality Sensitive Hash Function for High Speed Noun Clustering},
  journal = {Proceedings of the 43rd Annual Meeting on Association for Computational Linguistics, ACL'05},
  year    = {2005},
  pages   = {622â€“629},
}

@InProceedings{dftree,
  author    = {Traina,Jr., Caetano and Traina, Agma and Filho, Roberto Santos and Faloutsos, Christos},
  title     = {{How to improve the pruning ability of dynamic metric access methods}},
  booktitle = cikm,
  year      = {2002},
  pages     = {219--226},
  address   = {New York, NY, USA},
}

@InProceedings{hrg,
  author    = {Alexander Ocsa and Carlos Bedregal and Ernesto Cuadros-Vargas},
  title     = {{A new approach for similarity queries using neighborhood graphs}},
  booktitle = sbbd,
  year      = {2007},
  pages     = {131-142},
  address   = {Jo{\~a}o Pessoa, Para\'{\i}ba, Brasil},
}

@InProceedings{Datar2004,
  author    = {Datar, Mayur and Immorlica, Nicole and Indyk, Piotr and Mirrokni, Vahab S.},
  title     = {{Locality-sensitive hashing scheme based on p-stable distributions}},
  booktitle = {Proceedings of the annual symposium on computational geometry},
  year      = {2004},
  pages     = {253--262},
  address   = {New York, NY, USA},
}

@InProceedings{modelinglsh,
  author    = {Dong, Wei and Wang, Zhe and Josephson, William and Charikar, Moses and Li, Kai},
  title     = {Modeling {L}{S}{H} for performance tuning},
  booktitle = cikm,
  year      = {2008},
  pages     = {669--678},
  address   = {Napa Valley, California, USA},
}

@InProceedings{DBMTree,
  author    = {Marcos R. Vieira and C. Traina Jr. and Fabio Jun Takada Chino and Agma J. M. Traina},
  title     = {{DBM-Tree: A Dynamic Metric Access Method Sensitive to Local Density Data}},
  booktitle = sbbd,
  year      = {2004},
  pages     = {163-177},
  address   = {Bras\'{\i}lia, Brasil},
}

@Article{cit:indexDriven,
  author  = {Hjaltason, Gisli R. and Samet, Hanan},
  title   = {{Index-driven similarity search in metric spaces}},
  journal = tods,
  year    = {2003},
  volume  = {28},
  number  = {4},
  pages   = {517--580},
}

@InProceedings{DBLP:journals/corr/abs-0906-0391,
  author    = {Volnyansky, Ilya and Pestov, Vladimir},
  title     = {{Curse of Dimensionality in Pivot Based Indexes}},
  booktitle = {Proceedings of the International Workshop on Similarity Search and Applications},
  year      = {2009},
  address   = {Washington, DC, USA},
  numpages  = {8},
}

@Article{hashing_algoritghms_survey,
  author  = {Alexandr Andoni and Piotr Indyk},
  title   = {{Near-optimal hashing algorithms for approximate nearest neighbor in high dimensions}},
  journal = cacm,
  year    = {2008},
  volume  = {51},
  number  = {1},
  pages   = {117--122},
}

@Article{Manning,
  author  = {Manning, C. D., Raghavan, P., and Schutze, H.},
  title   = {Introduction to Information Retrieval.},
  journal = {Cambridge University Press, New York, NY, USA},
  year    = {2008},
}

@Article{aleman_high_dimensional,
  author  = {Christian B\"{o}hm and Stefan Berchtold and Daniel A. Keim},
  title   = {{Searching in high-dimensional spaces: Index structures for improving the performance of multimedia databases}},
  journal = computingsurveys,
  year    = {2001},
  volume  = {33},
  number  = {3},
  pages   = {322--373},
}

@Article{SlimTree,
  author  = {Traina C., Jr. and Agma Traina and Christos Faloutsos and Bernhard Seeger},
  title   = {{Fast Indexing and Visualization of Metric Data Sets using Slim-Trees}},
  journal = tkde,
  year    = {2002},
  volume  = {14},
  number  = {2},
  pages   = {244--260},
}

@InProceedings{MTree,
  author    = {Paolo Ciaccia and Marco Patella and Pavel Zezula},
  title     = {{M-tree: An Efficient Access Method for Similarity Search in Metric Spaces}},
  booktitle = vldb,
  year      = {1997},
  pages     = {426--435},
  address   = {San Francisco, CA, USA},
}

@Article{Li:2015:RSS:2881665.2882186,
  author     = {Li, Zechao and Liu, Jing and Tang, Jinhui and Lu, Hanqing},
  title      = {Robust Structured Subspace Learning for Data Representation},
  journal    = {IEEE Trans. Pattern Anal. Mach. Intell.},
  year       = {2015},
  volume     = {37},
  number     = {10},
  pages      = {2085--2098},
  month      = oct,
  issn       = {0162-8828},
  address    = {Washington, DC, USA},
  issue_date = {October 2015},
  numpages   = {14},
  publisher  = {IEEE Computer Society},
}

@InProceedings{lshforest,
  author    = {Bawa, Mayank and Condie, Tyson and Ganesan, Prasanna},
  title     = {{L}{S}{H} forest: self-tuning indexes for similarity search},
  booktitle = {Proceedings of the 14th international conference on World Wide Web},
  year      = {2005},
  pages     = {651--660},
  address   = {Chiba, Japan},
}

@Article{cit:tspanners02,
  author  = {Navarro, Gonzalo and Paredes, Rodrigo and Ch\'{a}vez, Edgar},
  title   = {{t-Spanners for metric space searching}},
  journal = {Data and Knowledge Engineering},
  year    = {2007},
  volume  = {63},
  pages   = {820--854},
  issue   = {3},
}

@InCollection{NIPS2013_5207,
  author    = {Szegedy, Christian and Toshev, Alexander and Erhan, Dumitru},
  title     = {Deep Neural Networks for Object Detection},
  booktitle = {Advances in Neural Information Processing Systems 26},
  publisher = {Curran Associates, Inc.},
  year      = {2013},
  editor    = {C. J. C. Burges and L. Bottou and M. Welling and Z. Ghahramani and K. Q. Weinberger},
  pages     = {2553--2561},
}

@InProceedings{5459466,
  author    = {Kulis, B. and Grauman, K.},
  title     = {Kernelized locality-sensitive hashing for scalable image search},
  booktitle = iccv,
  year      = {2009},
  pages     = {2130 -2137},
  address   = {Kyoto, Japan},
}

@InProceedings{WhatsWrong,
  author    = {Stephen Blott and Roger Weber},
  title     = {What's Wrong with High-Dimensional Similarity Search},
  booktitle = vldb,
  year      = {2008},
  pages     = {3--3},
  address   = {Aukland, New Zealand},
}

@Article{DBLP:journals/corr/YosinskiCBL14,
  author    = {Jason Yosinski and Jeff Clune and Yoshua Bengio and Hod Lipson},
  title     = {How transferable are features in deep neural networks?},
  journal   = {CoRR},
  year      = {2014},
  volume    = {abs/1411.1792},
  timestamp = {Mon, 01 Dec 2014 14:32:13 +0100},
}

@Article{kdt,
  author  = {Jon Louis Bentley},
  title   = {{Multidimensional Binary Search Trees in Database Applications.}},
  journal = tse,
  year    = {1979},
  volume  = {5},
  number  = {4},
  pages   = {333-340},
}

@InProceedings{rplustree,
  author    = {Sellis, Timos K. and Roussopoulos, Nick and Faloutsos, Christos},
  title     = {{The R+-Tree: A Dynamic Index for Multi-Dimensional Objects}},
  booktitle = vldb,
  year      = {1987},
  pages     = {507--518},
  address   = {San Francisco, CA, USA},
}

@InProceedings{cit:vpt,
  author    = {Peter N. Yianilos},
  title     = {{Data structures and algorithms for nearest neighbor search in general metric spaces}},
  booktitle = {Proceedings - Annual Symposium on Discrete Algorithms},
  year      = {1993},
  pages     = {311--321},
  address   = {Philadelphia, PA, USA},
}

@InProceedings{lsh_hamming,
  author    = {Aristides Gionis and Piotr Indyk and Rajeev Motwani},
  title     = {{Similarity Search in High Dimensions via Hashing}},
  booktitle = vldb,
  year      = {1999},
  pages     = {518--529},
  address   = {San Francisco, CA, USA},
}

@Article{cit:avez99searching,
  author  = {Edgar Ch\'{a}vez and Gonzalo Navarro and Ricardo Baeza-Yates and Jos\'{e} Luis Marroqu\'{\i}n},
  title   = {{Searching in metric spaces}},
  journal = computingsurveys,
  year    = {2001},
  volume  = {33},
  number  = {3},
  pages   = {273--321},
}

@InProceedings{ImageNet,
  author    = {Krizhevsky, Alex and Sutskever, Ilya and Hinton, Geoffrey E.},
  title     = {ImageNet Classification with Deep Convolutional Neural Networks},
  booktitle = {Proceedings of the 25th International Conference on Neural Information Processing Systems},
  year      = {2012},
  series    = {NIPS'12},
  pages     = {1097--1105},
  address   = {USA},
  publisher = {Curran Associates Inc.},
  location  = {Lake Tahoe, Nevada},
  numpages  = {9},
}

@Comment{jabref-meta: databaseType:bibtex;}
